
@article{gardner_isods_2021,
	title = {{ISODS}: {An} {ISODATA}-{Based} {Initial} {Centroid} {Algorithm}},
	shorttitle = {{ISODS}},
	url = {https://rgdoi.net/10.13140/RG.2.2.15591.11689},
	doi = {10.13140/RG.2.2.15591.11689},
	urldate = {2022-04-29},
	author = {Gardner, Noah and Yarmohammadtoosky, Sahar and Phan, Anthony and {Chih-Cheng Hung}},
	year = {2021},
}
