
% =========================================================================== %
%	REMOTE SENSING
% =========================================================================== %

@book{Jensen1996,
  place     = {Upper Saddle River, NJ},
  title     = {Introductory digital image processing: a remote sensing perspective},
  publisher = {Prentice-Hall},
  author    = {Jensen, John R.},
  year      = {1996}
}

@article{Landgrebe1999,
  title   = {Information Extraction Principles And Methods For Multispectral And Hyperspectral Image Data},
  doi     = {10.1142/9789812815705_0001},
  journal = {Information Processing For Remote Sensing},
  author  = {Landgrebe, David},
  year    = {1999},
  pages   = {3–37}
}

@article{Rodarmel2002,
  author  = {Rodarmel, Craig and Shan, Jie},
  year    = {2002},
  month   = {01},
  pages   = {},
  title   = {Principal Component Analysis for Hyperspectral Image Classification},
  volume  = {62},
  journal = {Surv Land inf Syst}
}

@article{Carrasco2003,
  title   = {Hyperspectral imaging applied to medical diagnoses and food safety},
  doi     = {10.1117/12.502589},
  journal = {Geo-Spatial and Temporal Image and Data Exploitation III},
  author  = {Carrasco, Oscar and Gomez, Richard B. and Chainani, Arun and Roper, William E.},
  year    = {2003}
}

@article{Fischer2006,
  title   = {Multispectral and hyperspectral imaging technologies in conservation: current research and potential applications},
  volume  = {51},
  doi     = {10.1179/sic.2006.51.supplement-1.3},
  number  = {sup1},
  journal = {Studies in Conservation},
  author  = {Fischer, Christian and Kakoulli, Ioanna},
  year    = {2006},
  pages   = {3–16}
}

@article{Adam2009,
  title   = {Multispectral and hyperspectral remote sensing for identification and mapping of wetland vegetation: a review},
  volume  = {18},
  doi     = {10.1007/s11273-009-9169-z},
  number  = {3},
  journal = {Wetlands Ecology and Management},
  author  = {Adam, Elhadi and Mutanga, Onisimo and Rugege, Denis},
  year    = {2009},
  pages   = {281–296}
}

@article{Govender2009,
  title   = {A review of hyperspectral remote sensing and its application in vegetation and water resource studies},
  volume  = {33},
  doi     = {10.4314/wsa.v33i2.49049},
  number  = {2},
  journal = {Water SA},
  author  = {Govender, M and Chetty, K and Bulcock, H},
  year    = {2009}
}

@article{Xu2015,
  title   = {A Comprehensive Survey of Clustering Algorithms},
  volume  = {2},
  doi     = {10.1007/s40745-015-0040-1},
  number  = {2},
  journal = {Annals of Data Science},
  author  = {Xu, Dongkuan and Tian, Yingjie},
  year    = {2015},
  pages   = {165–193}
}

@article{Khan2018,
  title   = {Modern Trends in Hyperspectral Image Analysis: A Review},
  volume  = {6},
  doi     = {10.1109/access.2018.2812999},
  journal = {IEEE Access},
  author  = {Khan, Muhammad Jaleed and Khan, Hamid Saeed and Yousaf, Adeel and Khurshid, Khurram and Abbas, Asad},
  year    = {2018},
  pages   = {14118–14129}
}

@article{Mallapragada2018,
  author  = {Mallapragada, Srivatsa and Wong, Michael and Hung, Chih-Cheng},
  journal = {9th International Conference on Information},
  year    = {2018},
  title   = {Dimensionality Reduction of Hyperspectral Images for Classification}
}

% =========================================================================== %
%	CLUSTERING
% =========================================================================== %

@inproceedings{Ball1965,
  title  = {ISODATA, A NOVEL METHOD OF DATA ANALYSIS AND PATTERN CLASSIFICATION},
  author = {G. Ball and D. Hall},
  year   = {1965}
}

@article{Macqueen1967,
  address   = {Berkeley, Calif.},
  author    = {MacQueen, J.},
  booktitle = {Proceedings of the Fifth Berkeley Symposium on Mathematical Statistics and Probability, Volume 1: Statistics},
  pages     = {281--297},
  publisher = {University of California Press},
  title     = {Some methods for classification and analysis of multivariate observations},
  url       = {https://projecteuclid.org/euclid.bsmsp/1200512992},
  year      = {1967}
}

@article{Lloyd1982,
  title   = {Least squares quantization in PCM},
  volume  = {28},
  doi     = {10.1109/tit.1982.1056489},
  number  = {2},
  journal = {IEEE Transactions on Information Theory},
  author  = {Lloyd, S.},
  year    = {1982},
  pages   = {129–137}
}

@inproceedings{Arthur2007,
  author  = {Arthur, David and Vassilvitskii, Sergei},
  year    = {2007},
  month   = {01},
  pages   = {1027-1035},
  title   = {K-Means++: The Advantages of Careful Seeding},
  volume  = {8},
  journal = {Proc. of the Annu. ACM-SIAM Symp. on Discrete Algorithms},
  doi     = {10.1145/1283383.1283494}
}

@article{Abbas2016,
  author = {Abbas, Arbab and Minallh, N. and Ahmad, Nasir and Abdur Rehman Abid, Sahibzada and Khan, Muhammad},
  year   = {2016},
  month  = {04},
  pages  = {315-318},
  title  = {K-Means and ISODATA Clustering Algorithms for Landcover Classification Using Remote Sensing},
  volume = {48}
}

% =========================================================================== %
%	CLUSTER VALIDATION
% =========================================================================== %

@article{Rand1971,
  author    = {William M. Rand },
  title     = {Objective Criteria for the Evaluation of Clustering Methods},
  journal   = {Journal of the American Statistical Association},
  volume    = {66},
  number    = {336},
  pages     = {846-850},
  year      = {1971},
  publisher = {Taylor & Francis},
  doi       = {10.1080/01621459.1971.10482356},
  url       = {https://www.tandfonline.com/doi/abs/10.1080/01621459.1971.10482356},
  eprint    = {https://www.tandfonline.com/doi/pdf/10.1080/01621459.1971.10482356}
}

@article{Hubert1985,
  title   = {Comparing partitions},
  volume  = {2},
  doi     = {10.1007/bf01908075},
  number  = {1},
  journal = {Journal of Classification},
  author  = {Hubert, Lawrence and Arabie, Phipps},
  year    = {1985},
  pages   = {193–218}
}

@article{Meila2003,
  title   = {Comparing Clusterings by the Variation of Information},
  doi     = {10.1007/978-3-540-45167-9_14},
  journal = {Learning Theory and Kernel Machines Lecture Notes in Computer Science},
  author  = {Meilă, Marina},
  year    = {2003},
  pages   = {173–187}
}

@article{Rezaei2016,
  title   = {Set Matching Measures for External Cluster Validity},
  volume  = {28},
  doi     = {10.1109/tkde.2016.2551240},
  number  = {8},
  journal = {IEEE Transactions on Knowledge and Data Engineering},
  author  = {Rezaei, Mohammad and Fränti, Pasi},
  year    = {2016},
  pages   = {2173–2186}
}

@article{Franti2018,
  title   = {K-means properties on six clustering benchmark datasets},
  volume  = {48},
  doi     = {10.1007/s10489-018-1238-7},
  number  = {12},
  journal = {Applied Intelligence},
  author  = {Fränti, Pasi and Sieranoja, Sami},
  year    = {2018},
  pages   = {4743–4759}
}

% =========================================================================== %
%	DATASET
% =========================================================================== %

@misc{Salinas,
  title  = {Hyperspectral Remote Sensing Scenes},
  url    = {http://www.ehu.eus/ccwintco/index.php?title=Hyperspectral_Remote_Sensing_Scenes#Salinas-A_scene},
  author = {Grupo de Inteligencia Computacional (GIC)},
  note   = {Accessed: 2021-1-05}
}

@misc{Dua2019,
  author      = {Dua, Dheeru and Graff, Casey},
  year        = {2017},
  title       = {{UCI} Machine Learning Repository},
  url         = {http://archive.ics.uci.edu/ml},
  institution = {University of California, Irvine, School of Information and Computer Sciences}
}
